@book{主参考书,
    author      = "吴大正",
    title       = "信号与线性系统分析",
    edition     = 5,
    year        = 2019,
    isbn        = "978-7-04-051311-0",
    publisher   = "高等教育出版社",
    address     = "北京"
}

@misc{wiki:狄拉克函数,
   author = "维基百科",
   title = "狄拉克$\dirac$函数 --- 维基百科{,} 自由的百科全书",
   year = "2022",
   url = "https://zh.wikipedia.org/w/index.php?title=%E7%8B%84%E6%8B%89%E5%85%8B%CE%B4%E5%87%BD%E6%95%B0&oldid=74995873",
   note = "[Online; accessed 11-12-2022]"
}

@misc{wiki:分布,
    author = "维基百科",
    title = "分布 (数学分析) --- 维基百科{,} 自由的百科全书",
    year = "2023",
    url = "https://zh.wikipedia.org/w/index.php?title=%E5%88%86%E5%B8%83_(%E6%95%B0%E5%AD%A6%E5%88%86%E6%9E%90)&oldid=76150300",
    note = "[Online; accessed 28-02-2023]"
}